@online{matlabGaussianBlur,
  author = {{The MathWorks, Inc}},
  title = {2-D Gaussian filtering of images - MATLAB imgaussfilt},
  url = {https://uk.mathworks.com/help/images/ref/imgaussfilt.html},
  year = 2016,
  urldate = {2016-01-12}
}

@misc{helpZafi,
author = "Zafi Syed",
title = {Add Spectral Energy - Scaling Factor},
year = 2016,
howpublished = {Personal communication},
note = {Email and in person}
}

@online{matlabInputParser,
	author = {{The MathWorks, Inc}},
	title = {2-D Gaussian filtering of images - MATLAB imgaussfilt},
	url = {https://uk.mathworks.com/help/images/ref/imgaussfilt.html},
	year = 2016,
	urldate = {2016-01-12}
}